<record><leader>00000cas a22000007a 4500</leader><controlfield tag="001">13490320</controlfield><controlfield tag="008">860424d18241826pauwr ne      0    0eng d</controlfield><datafield ind1=" " ind2=" " tag="010"><subfield code="a">sn 87080043 </subfield></datafield><datafield ind1=" " ind2=" " tag="040"><subfield code="a">NPH</subfield><subfield code="b">eng</subfield><subfield code="c">NPH</subfield><subfield code="d">OCLCQ</subfield></datafield><datafield ind1=" " ind2=" " tag="042"><subfield code="a">msc</subfield></datafield><datafield ind1="0" ind2="4" tag="245"><subfield code="a">Das Hanover Intelligenzblatt, und o&#776;ffentlicher Anzeiger fu&#776;r York und Adams Caunties.</subfield></datafield><datafield ind1="3" ind2="0" tag="246"><subfield code="a">Intelligenzblatt</subfield></datafield><datafield ind1=" " ind2=" " tag="260"><subfield code="a">Hanover [Pa.] :</subfield><subfield code="b">P. Mu&#776;ller u. J. Schmuck,</subfield><subfield code="c">1824-1826.</subfield></datafield><datafield ind1=" " ind2=" " tag="300"><subfield code="a">v.</subfield></datafield><datafield ind1=" " ind2=" " tag="310"><subfield code="a">Weekly</subfield></datafield><datafield ind1="0" ind2=" " tag="362"><subfield code="a">1. Bd., Nr. 1 (7. Apr. 1824)-2. Bd., Nr. 52 (13. Apr. 1826).</subfield></datafield><datafield ind1=" " ind2=" " tag="752"><subfield code="a">United States</subfield><subfield code="b">Pennsylvania</subfield><subfield code="c">York</subfield><subfield code="d">Hanover.</subfield></datafield></record>